<?xml version="1.0" encoding="UTF-8"?><collection xmlns="http://www.loc.gov/MARC21/slim"><record><leader>00647nam--2200193-u-4500</leader><controlfield tag="001">000053678</controlfield><controlfield tag="002">20161230</controlfield><controlfield tag="005">20161230201051</controlfield><controlfield tag="008">110511s1000------------r-----000-0-rus-d</controlfield><datafield ind1=" " ind2=" " tag="040"><subfield code="a">IFIN-HH</subfield></datafield><datafield ind1=" " ind2=" " tag="041"><subfield code="a">rus</subfield></datafield><datafield ind1=" " ind2=" " tag="080"><subfield code="a">536.45</subfield></datafield><datafield ind1="1" ind2=" " tag="100"><subfield code="a">Kingery, W.D</subfield></datafield><datafield ind1="1" ind2="0" tag="245"><subfield code="a">Izmerenia pri visokih temperaturah</subfield><subfield code="c">W.d.kingery</subfield></datafield><datafield ind1=" " ind2=" " tag="260"><subfield code="a">Moskva</subfield><subfield code="b">Nauko-tehniceskoe Literaturi</subfield><subfield code="c">1963</subfield></datafield><datafield ind1=" " ind2=" " tag="300"><subfield code="a">465P</subfield></datafield><datafield ind1=" " ind2=" " tag="500"><subfield code="a">Titlul Original In Limba Engleza: Property Measurements At High Temperatures; Factors Affecting And Methods Of Measuring Material Properties At Temperatures Above 1400c (2550f)</subfield></datafield><datafield ind1=" " ind2=" " tag="852"><subfield code="a">76106</subfield><subfield code="c">536</subfield></datafield><datafield ind1=" " ind2=" " tag="CAT"><subfield code="a">Sys</subfield><subfield code="c">20110511</subfield><subfield code="h">145110</subfield></datafield></record></collection>